/home/server/pi/homes/moghimi/work/01-docs/02-papers/arranged/cpl-wavcur/bib/References_all.bib